<record><leader>00000cas a22000007a 4500</leader><controlfield tag="001">11304879</controlfield><controlfield tag="008">841024d18681874inuwr ne      0    0eng d</controlfield><datafield ind1=" " ind2=" " tag="010"><subfield code="a">sn 84027616 </subfield></datafield><datafield ind1=" " ind2=" " tag="040"><subfield code="a">NPU</subfield><subfield code="b">eng</subfield><subfield code="c">NPU</subfield><subfield code="d">NPI</subfield><subfield code="d">OCLCQ</subfield><subfield code="d">IUL</subfield><subfield code="d">OCLCF</subfield></datafield><datafield ind1=" " ind2=" " tag="042"><subfield code="a">msc</subfield></datafield><datafield ind1=" " ind2=" " tag="043"><subfield code="a">n-us-in</subfield></datafield><datafield ind1="0" ind2="4" tag="245"><subfield code="a">The Rockport weekly journal.</subfield></datafield><datafield ind1=" " ind2=" " tag="260"><subfield code="a">Rockport, Ind. :</subfield><subfield code="b">J. Wyttenbach</subfield></datafield><datafield ind1=" " ind2=" " tag="300"><subfield code="a">v.</subfield></datafield><datafield ind1=" " ind2=" " tag="310"><subfield code="a">Weekly</subfield></datafield><datafield ind1="1" ind2=" " tag="362"><subfield code="a">Began in Nov. 1868.</subfield><subfield code="z">Cf. Gregory, W. Amer. newspapers.</subfield></datafield><datafield ind1="1" ind2=" " tag="362"><subfield code="a">Ceased in June 1874.</subfield></datafield><datafield ind1=" " ind2=" " tag="588"><subfield code="a">Description based on: Vol. 11, no. 28 (Feb. 13, 1873).</subfield></datafield><datafield ind1=" " ind2="0" tag="651"><subfield code="a">Rockport (Ind.)</subfield><subfield code="v">Newspapers.</subfield></datafield><datafield ind1=" " ind2="0" tag="651"><subfield code="a">Spencer County (Ind.)</subfield><subfield code="v">Newspapers.</subfield></datafield><datafield ind1=" " ind2="7" tag="651"><subfield code="a">Indiana</subfield><subfield code="z">Rockport.</subfield><subfield code="2">fast</subfield><subfield code="0">(OCoLC)fst01257320</subfield></datafield><datafield ind1=" " ind2="7" tag="651"><subfield code="a">Indiana</subfield><subfield code="z">Spencer County.</subfield><subfield code="2">fast</subfield><subfield code="0">(OCoLC)fst01209895</subfield></datafield><datafield ind1=" " ind2="7" tag="655"><subfield code="a">Newspapers.</subfield><subfield code="2">fast</subfield><subfield code="0">(OCoLC)fst01423814</subfield></datafield><datafield ind1=" " ind2=" " tag="752"><subfield code="a">United States</subfield><subfield code="b">Indiana</subfield><subfield code="c">Spencer</subfield><subfield code="d">Rockport.</subfield></datafield><datafield ind1="0" ind2="0" tag="780"><subfield code="t">Weekly umpire (Rockport, Ind.)</subfield><subfield code="w">(DLC)sn 86058924</subfield><subfield code="w">(OCoLC)14584312</subfield></datafield><datafield ind1="0" ind2="7" tag="785"><subfield code="t">Rockport Republican (Rockport, Ind. : 1872)</subfield><subfield code="w">(DLC)sn 84027615</subfield><subfield code="w">(OCoLC)11298228</subfield></datafield><datafield ind1="0" ind2="7" tag="785"><subfield code="t">Rockport Republican-journal</subfield><subfield code="w">(DLC)sn 84038026</subfield><subfield code="w">(OCoLC)11180780</subfield></datafield></record>